@MISC{INTROSCIOSCIA,
  author = {Floriano Scioscia},
  title = {Introduzione al {M}odel {C}hecking},
  howpublished = "\url{http://sisinflab.poliba.it/scioscia/teaching/lfc/LFC_17_Model_checking.pdf}",
  year = {2015},
  note = "[Online; Ultimo accesso 24 Maggio 2015]"
}

@ARTICLE {TUTORIALUPPAL,
    author  = {Gerd Behrmann{,} Alexandre David{,} Kim G. Larsen},
    title   = {A {T}utorial on \uppaal 4.0},
    journal = {Department of Computer Science, Aalborg University, Denmark},
    year    = {2006},
    pages   = {48},
    month   = {nov}
}
@ARTICLE {SMCTUTORIAL,
    author  = {Alexandre David{,} Kim Guldstrand Larsen{,} Axel Legay{,} Marius Mikučionis{,} Danny Bøgsted Poulsen},
    title   = {\uppaal {SMC} {T}utorial},
    journal = {International Journal on Software Tools for Technology Transfer},
    year    = {2015},
    pages   = {18},
    month   = {jan}
}
@ARTICLE {UPPALSMC,
    author  = {Peter Bulychev{,} Alexandre David{,} Kim Guldstrand Larsen{,} Marius Mikučionis{,} Danny Bøgsted Poulsen{,} Axel Legay{,} Zheng Wang},
    title   = {\uppaal - {SMC}: {S}tatistical {M}odel {C}hecking for {P}riced {T}imed {A}utomata},
    journal = {Electronic Proceedings in Theoretical Computer Science},
    year    = {2012},
    number  = {85},
    pages   = {1-16}
}
@MISC{UPPALURL,
    author  = "Uppsala University{,} Aalborg University",
    title   = "\uppaal {O}fficial {S}ite",
    year    = "2015",
    howpublished = "\url{http://www.uppaal.org/}",
    note = "[Online; Ultimo accesso 15 Maggio 2015]"
}

@MISC {SMCEXT,
    title   = "{S}tatistical {M}odel-{C}hecker: {N}ew {SMC} {E}xtension of \uppaal",
    year     = "2015",
    howpublished = "\url{http://people.cs.aau.dk/~adavid/smc/}",
    note = "[Online; Ultimo accesso 15 Maggio 2015]"
}
@MASTERSTHESIS {BASILE,
    author = "Giorgio Basile",
    title  = "Studio e sperimentazione di un modello di disseminazione di annotazioni semantiche in reti veicolari",
    school = "Politecnico di Bari",
    year   = "2012"
}
@ARTICLE {DISSEMINATION,
    author  = "Tamer Nadeem{,} Pravin Shankar{,} Liviu Iftode",
    title   = "A {C}omparative {S}tudy of {D}ata {D}issemination {M}odels for {VANET}s",
    journal = "Networking \begin{math}\&\end{math} Services, 2006 Third Annual International Conference on Mobile and Ubiquitous Systems",
    year    = "2006",
    pages   = "1-10"
}
@MANUAL {MAZZONI,
    title        = "{M}odel {C}hecking {T}utorial",
    author       = "Paolo Mazzoni",
    organization = "Politecnico di Milano"
}
@ARTICLE {CAMELIA,
    author  = "Camelia Avram{,} Adina Aştilean{,} Josè Machado",
    title   = "{M}odeling and {F}ormal {A}nalysis of {U}rban {R}oad {T}raffic",
    journal = "11TH International Conference of Numerical Analysis and Applied Mathematics",
    year    = "2013"
}
@ARTICLE {VANETMESS,
    author  = "Qiangyuan Yu{,} Geert Heijenk",
    title   = "{A}biding {G}eocast for {W}arning {M}essage {D}issemination in {V}ehicular {A}d {H}oc {N}etworks",
    journal = "IEEE International Conference on Communications Workshops, 2008. ICC Workshops '08",
    year    = "2008",
    pages   = "400-404"
}
@ARTICLE {SAFETY,
    author  = "M.A. Berlin{,} Sheila Anand",
    title   = "Formal verification of safety message dissemination protocol for {VANET}s",
    journal = "Journal of Computer Science 9",
    year    = "2013"
}
