@article{Cugola:2012:PFI:2187671.2187677,
	author = {Cugola, Gianpaolo and Margara, Alessandro},
	title = {Processing Flows of Information: From Data Stream to Complex Event Processing},
	journal = {ACM Comput. Surv.},
	issue_date = {June 2012},
	volume = {44},
	number = {3},
	month = jun,
	year = {2012},
	issn = {0360-0300},
	pages = {15:1--15:62},
	articleno = {15},
	numpages = {62},
	url = {http://doi.acm.org/10.1145/2187671.2187677},
	doi = {10.1145/2187671.2187677},
	acmid = {2187677},
	publisher = {ACM},
	address = {New York, NY, USA},
	keywords = {Complex event processing, publish-subscribe, stream processing},
}
@article{fulop2010survey,
	title={Survey on complex event processing and predictive analytics},
	author={F{\"u}l{\"o}p, Lajos Jeno and T{\'o}th, Gabriella and R{\'a}cz, R{\'o}bert and P{\'a}ncz{\'e}l, J{\'a}nos and Gergely, Tam{\'a}s and Besz{\'e}des, Arp{\'a}d and Farkas, L{\'o}r{\'a}nt},
	journal={Nokia Siemens Networks},
	year={2010},
	publisher={Citeseer}
}

@online{cepimage,
	author = {Patrick Gantet Patrick Gantet},
	title = {Complex Event Processing},
	date = {28/04/2016},
	url = {https://upload.wikimedia.org/wikipedia/commons/3/39/Complex_Event_Processing.jpg},
}

@article{Bobadilla:2013:RSS:2483330.2483573,
	author = {Bobadilla, J. and Ortega, F. and Hernando, A. and Guti{\'e}Rrez, A.},
	title = {Recommender Systems Survey},
	journal = {Know.-Based Syst.},
	issue_date = {July, 2013},
	volume = {46},
	month = jul,
	year = {2013},
	issn = {0950-7051},
	pages = {109--132},
	numpages = {24},
	url = {http://dx.doi.org/10.1016/j.knosys.2013.03.012},
	doi = {10.1016/j.knosys.2013.03.012},
	acmid = {2483573},
	publisher = {Elsevier Science Publishers B. V.},
	address = {Amsterdam, The Netherlands, The Netherlands},
	keywords = {Cold-start, Collaborative filtering, Evaluation metrics, Hybrid, Internet of things, Prediction, Recommendation, Recommender systems, Similarity measures, Social},
} 
